@misc{ANTNET, 
    publisher = "Antivirenprogramm.net", 
    title = "Wie funktioniert ein Antivirenprogramm?", 
    url = "http://www.antivirenprogramm.net/grundlagen/wie-funktioniert-ein-antivirenprogramm/#comment-1499",} 